
@inproceedings{Lattner:2004:LCF:977395.977673,
 author = {Lattner, Chris and Adve, Vikram},
 title = {LLVM: A Compilation Framework for Lifelong Program Analysis \& Transformation},
 booktitle = {Proceedings of the International Symposium on Code Generation and Optimization: Feedback-directed and Runtime Optimization},
 series = {CGO '04},
 year = {2004},
 isbn = {0-7695-2102-9},
 location = {Palo Alto, California},
 pages = {75--},
 url = {http://dl.acm.org/citation.cfm?id=977395.977673},
 acmid = {977673},
 publisher = {IEEE Computer Society},
 address = {Washington, DC, USA},
} 


@article{Bezanson:2018:JDP:3288538.3276490,
 author = {Bezanson, Jeff and Chen, Jiahao and Chung, Benjamin and Karpinski, Stefan and Shah, Viral B. and Vitek, Jan and Zoubritzky, Lionel},
 title = {Julia: Dynamism and Performance Reconciled by Design},
 journal = {Proc. ACM Program. Lang.},
 issue_date = {November 2018},
 volume = {2},
 number = {OOPSLA},
 month = oct,
 year = {2018},
 issn = {2475-1421},
 pages = {120:1--120:23},
 articleno = {120},
 numpages = {23},
 url = {http://doi.acm.org/10.1145/3276490},
 doi = {10.1145/3276490},
 acmid = {3276490},
 publisher = {ACM},
 address = {New York, NY, USA},
 keywords = {dynamic languages, just-in-time compilation, multiple dispatch},
} 


